@Article{FarrisTrimble2014,
  author    = {Ashley Farris-Trimble and Bob McMurray and Nicole Cigrand and J. Bruce Tomblin},
  journal   = {Journal of Experimental Psychology: Human Perception and Performance},
  title     = {The process of spoken word recognition in the face of signal degradation.},
  year      = {2014},
  month     = {feb},
  number    = {1},
  pages     = {308--327},
  volume    = {40},
  doi       = {10.1037/a0034353},
  file      = {:FarrisTrimble2014 - The Process of Spoken Word Recognition in the Face of Signal Degradation..pdf:PDF},
  publisher = {American Psychological Association ({APA})},
}


@article{tanenhaus1995integration,
  title={Integration of visual and linguistic information in spoken language comprehension},
  author={Tanenhaus, Michael K and Spivey-Knowlton, Michael J and Eberhard, Kathleen M and Sedivy, Julie C},
  journal={Science},
  volume={268},
  number={5217},
  pages={1632--1634},
  year={1995},
  publisher={American Association for the Advancement of Science}
}

@article{allopenna1998tracking,
  title={Tracking the time course of spoken word recognition using eye movements: Evidence for continuous mapping models},
  author={Allopenna, Paul D and Magnuson, James S and Tanenhaus, Michael K},
  journal={Journal of memory and language},
  volume={38},
  number={4},
  pages={419--439},
  year={1998},
  publisher={Elsevier}
}

@article{elman1985speech,
  title={in Speech Recognition: The TRACE Model},
  author={Elman, Jeffrey L and McClelland, James L},
  journal={Speech and speaker recognition},
  volume={12},
  pages={6},
  year={1985},
  publisher={Karger Medical and Scientific Publishers}
}

@article{mcmurray2022m,
  title={I’m not sure that curve means what you think it means: Toward a [more] realistic understanding of the role of eye-movement generation in the visual world paradigm},
  author={McMurray, Bob},
  journal={Psychonomic Bulletin \& Review},
  pages={1--45},
  year={2022},
  publisher={Springer}
}

@article{mcmurray2010individual,
  title={Individual differences in online spoken word recognition: Implications for SLI},
  author={McMurray, Bob and Samelson, Vicki M and Lee, Sung Hee and Tomblin, J Bruce},
  journal={Cognitive psychology},
  volume={60},
  number={1},
  pages={1--39},
  year={2010},
  publisher={Elsevier}
}

@article{oleson2017detecting,
  title={Detecting time-specific differences between temporal nonlinear curves: Analyzing data from the visual world paradigm},
  author={Oleson, Jacob J and Cavanaugh, Joseph E and McMurray, Bob and Brown, Grant},
  journal={Statistical methods in medical research},
  volume={26},
  number={6},
  pages={2708--2725},
  year={2017},
  publisher={SAGE Publications Sage UK: London, England}
}

@article{seedorff2018bdots,
  title={Detecting when timeseries differ: Using the Bootstrapped Differences of Timeseries (BDOTS) to analyze Visual World Paradigm data (and more)},
  author={Seedorff, Michael and Oleson, Jacob and McMurray, Bob},
  journal={Journal of memory and language},
  volume={102},
  pages={55--67},
  year={2018},
  publisher={Elsevier}
}

@Article{Magnuson2019,
  author    = {James S. Magnuson},
  journal   = {Journal of Cultural Cognitive Science},
  title     = {Fixations in the visual world paradigm: where, when, why?},
  year      = {2019},
  month     = {sep},
  number    = {2},
  pages     = {113--139},
  volume    = {3},
  doi       = {10.1007/s41809-019-00035-3},
  file      = {:scholar/Magnuson2019_Article_FixationsInTheVisualWorldParad.pdf:PDF},
  groups    = {review},
  publisher = {Springer Science and Business Media {LLC}},
}

@Article{Mirman2008,
  author    = {Daniel Mirman and James A. Dixon and James S. Magnuson},
  journal   = {Journal of Memory and Language},
  title     = {Statistical and computational models of the visual world paradigm: Growth curves and individual differences},
  year      = {2008},
  month     = {nov},
  number    = {4},
  pages     = {475--494},
  volume    = {59},
  doi       = {10.1016/j.jml.2007.11.006},
  publisher = {Elsevier {BV}},
}

@Article{Maris2007,
  author    = {Eric Maris and Robert Oostenveld},
  journal   = {Journal of Neuroscience Methods},
  title     = {Nonparametric statistical testing of {EEG}- and {MEG}-data},
  year      = {2007},
  month     = {aug},
  number    = {1},
  pages     = {177--190},
  volume    = {164},
  doi       = {10.1016/j.jneumeth.2007.03.024},
  publisher = {Elsevier {BV}},
}

@article{viviani1990time,
author="Viviani, P.",
title="Eye movements in visual search: cognitive, perceptual and motor control aspects",
journal="Eye movements and their role in visual and cognitive processes",
publisher="Elsevier",
year="1990",
pages="353-393",
URL="https://cir.nii.ac.jp/crid/1571980074594444160"
}

@Article{mcmurray2002look,
  author    = {Bob McMurray and Michael K. Tanenhaus and Richard N. Aslin},
  journal   = {Cognition},
  title     = {Gradient effects of within-category phonetic variation on lexical access},
  year      = {2002},
  month     = {dec},
  number    = {2},
  pages     = {B33--B42},
  volume    = {86},
  doi       = {10.1016/s0010-0277(02)00157-9},
  publisher = {Elsevier {BV}},
}

@Article{McMurray2019,
  author    = {Bob McMurray and Jamie Klein-Packard and J. Bruce Tomblin},
  journal   = {Cognition},
  title     = {A real-time mechanism underlying lexical deficits in developmental language disorder: Between-word inhibition},
  year      = {2019},
  month     = {oct},
  pages     = {104000},
  volume    = {191},
  doi       = {10.1016/j.cognition.2019.06.012},
  publisher = {Elsevier {BV}},
}

@Article{Spivey2005,
  author    = {Michael J. Spivey and Marc Grosjean and Günther Knoblich},
  journal   = {Proceedings of the National Academy of Sciences},
  title     = {Continuous attraction toward phonological competitors},
  year      = {2005},
  month     = {jun},
  number    = {29},
  pages     = {10393--10398},
  volume    = {102},
  doi       = {10.1073/pnas.0503903102},
  publisher = {Proceedings of the National Academy of Sciences},
}

@Article{McClelland1981,
  author    = {James L. McClelland and David E. Rumelhart},
  journal   = {Psychological Review},
  title     = {An interactive activation model of context effects in letter perception: I. An account of basic findings.},
  year      = {1981},
  month     = {sep},
  number    = {5},
  pages     = {375--407},
  volume    = {88},
  doi       = {10.1037/0033-295x.88.5.375},
  publisher = {American Psychological Association ({APA})},
}

@Article{MarslenWilson1987,
  author    = {William D. Marslen-Wilson},
  journal   = {Cognition},
  title     = {Functional parallelism in spoken word-recognition},
  year      = {1987},
  month     = {mar},
  number    = {1-2},
  pages     = {71--102},
  volume    = {25},
  doi       = {10.1016/0010-0277(87)90005-9},
  publisher = {Elsevier {BV}},
}


@Article{Strauss2007,
  author    = {Ted J. Strauss and Harlan D. Harris and James S. Magnuson},
  journal   = {Behavior Research Methods},
  title     = {{jTRACE}: A reimplementation and extension of the {TRACE} model of speech perception and spoken word recognition},
  year      = {2007},
  month     = {feb},
  number    = {1},
  pages     = {19--30},
  volume    = {39},
  doi       = {10.3758/bf03192840},
  publisher = {Springer Science and Business Media {LLC}},
}


@Article{Huettig2011,
  author    = {Falk Huettig and Joost Rommers and Antje S. Meyer},
  journal   = {Acta Psychologica},
  title     = {Using the visual world paradigm to study language processing: A review and critical evaluation},
  year      = {2011},
  month     = {jun},
  number    = {2},
  pages     = {151--171},
  volume    = {137},
  doi       = {10.1016/j.actpsy.2010.11.003},
  publisher = {Elsevier {BV}},
}

@article{salverda2017visual,
  title={The visual world paradigm},
  author={Salverda, Anne Pier and Tanenhaus, Michael K},
  journal={Research methods in psycholinguistics and the neurobiology of language: A practical guide},
  volume={9},
  pages={89--110},
  year={2017},
  publisher={Wiley Hoboken, NJ}
}


@Article{Magnuson2003,
  author    = {James S. Magnuson and Bob McMurray and Michael K. Tanenhaus and Richard N. Aslin},
  journal   = {Cognitive Science},
  title     = {Lexical effects on compensation for coarticulation: the ghost of Christmash past},
  year      = {2003},
  month     = {mar},
  number    = {2},
  pages     = {285--298},
  volume    = {27},
  publisher = {Wiley},
}

@article{luce1998delayed,
  title={Delayed commitment in spoken word recognition: Evidence from cross-modal priming},
  author={Luce, Paul A and Cluff, Michael S},
  journal={Perception \& Psychophysics},
  volume={60},
  number={3},
  pages={484--490},
  year={1998},
  publisher={Springer}
}

@Article{Apfelbaum2021,
  author    = {Keith S. Apfelbaum and Jamie Klein-Packard and Bob McMurray},
  journal   = {Journal of Memory and Language},
  title     = {The pictures who shall not be named: Empirical support for benefits of preview in the Visual World Paradigm},
  year      = {2021},
  month     = {dec},
  pages     = {104279},
  volume    = {121},
  doi       = {10.1016/j.jml.2021.104279},
  publisher = {Elsevier {BV}},
}

@Article{Salthouse1980,
  author    = {Timothy A. Salthouse and Cecil L. Ellis},
  journal   = {The American Journal of Psychology},
  title     = {Determinants of Eye-Fixation Duration},
  year      = {1980},
  month     = {jun},
  number    = {2},
  pages     = {207},
  volume    = {93},
  doi       = {10.2307/1422228},
  publisher = {University of Illinois Press},
}

@PhdThesis{Kapoor,
  author    = {Somya Kapoor},
  title     = {The role of cellular redox imbalance, {ER}-stress, and autophagy in adaptation of metastatic melanoma to {MAPK} pathway inhibition},
  doi       = {10.17077/etd.n7p7-3p5r},
  publisher = {The University of Iowa},
}

@Article{Li2019,
  author    = {Li, Mengshi and Liu, Dijie and Lee, Dongyoul and Kapoor, Somya and Gibson-Corley, Katherine N. and Quinn, Thomas P. and Sagastume, Edwin A. and Mott, Sarah L. and Walsh, Susan A. and Acevedo, Michael R. and Johnson, Frances L. and Schultz, Michael K.},
  journal   = {Molecular Pharmaceutics},
  title     = {Enhancing the Efficacy of Melanocortin 1 Receptor-Targeted Radiotherapy by Pharmacologically Upregulating the Receptor in Metastatic Melanoma},
  year      = {2019},
  issn      = {1543-8392},
  month     = jul,
  number    = {9},
  pages     = {3904--3915},
  volume    = {16},
  doi       = {10.1021/acs.molpharmaceut.9b00512},
  publisher = {American Chemical Society (ACS)},
}

@Manual{nlme2025,
    title = {nlme: Linear and Nonlinear Mixed Effects Models},
    author = {José Pinheiro and Douglas Bates and {R Core Team}},
    year = {2025},
    note = {R package version 3.1-167},
    url = {https://CRAN.R-project.org/package=nlme},
  }

@Article{nolte2025,
  author = {Collin Nolte and Patrick Breheny},
  title  = {Reintroduction of the bdots R package: Methodological and syntactical changes to the bootstrapped differences of time series},
  year   = {2025},
}


  @Manual{bdots2025,
    title = {bdots: Bootstrapped Differences of Time Series},
    author = {Collin Nolte and Michael Seedorff and Jacob Oleson and Grant Brown and Joseph Cavanaugh and Bob McMurray},
    year = {2022},
    note = {R package version 2.0.0},
    url = {https://github.com/collinn/bdots},
  }



@Comment{jabref-meta: databaseType:bibtex;}
